@article{large2002perceiving,
  title={Perceiving temporal regularity in music},
  author={Large, Edward W and Palmer, Caroline},
  journal={Cognitive science},
  volume={26},
  number={1},
  pages={1--37},
  year={2002},
  publisher={Wiley Online Library}
}

@inproceedings{park2020intermittent,
  title={An Intermittent Click Planning Model},
  author={Park, Eunji and Lee, Byungjoo},
  booktitle={Proceedings of the 2020 CHI Conference on Human Factors in Computing Systems},
  pages={1--13},
  year={2020}
}

@inproceedings{mackenzie1992extending,
  title={Extending Fitts' law to two-dimensional tasks},
  author={MacKenzie, I Scott and Buxton, William},
  booktitle={Proceedings of the SIGCHI conference on Human factors in computing systems},
  pages={219--226},
  year={1992}
}

@inproceedings{yuksel2016learn,
  title={Learn piano with BACh: An adaptive learning interface that adjusts task difficulty based on brain state},
  author={Yuksel, Beste F and Oleson, Kurt B and Harrison, Lane and Peck, Evan M and Afergan, Daniel and Chang, Remco and Jacob, Robert JK},
  booktitle={Proceedings of the 2016 chi conference on human factors in computing systems},
  pages={5372--5384},
  year={2016}
}

@article{rikers2004cognitive,
  title={Cognitive load theory as a tool for expertise development},
  author={Rikers, Remy MJP and Van Gerven, Pascal WM and Schmidt, Henk G},
  journal={Instructional Science},
  volume={32},
  number={1-2},
  pages={173--182},
  year={2004},
  publisher={Springer}
}

@article{klepsch2017development,
  title={Development and validation of two instruments measuring intrinsic, extraneous, and germane cognitive load},
  author={Klepsch, Melina and Schmitz, Florian and Seufert, Tina},
  journal={Frontiers in psychology},
  volume={8},
  pages={1997},
  year={2017},
  publisher={Frontiers}
}

@article{lippman1984progressive,
  title={Progressive temporality in music},
  author={Lippman, Edward A},
  journal={Journal of Musicology},
  volume={3},
  number={2},
  pages={121--141},
  year={1984},
  publisher={Imperial Printing Company}
}

@article{santos2013augmented,
  title={Augmented reality learning experiences: Survey of prototype design and evaluation},
  author={Santos, Marc Ericson C and Chen, Angie and Taketomi, Takafumi and Yamamoto, Goshiro and Miyazaki, Jun and Kato, Hirokazu},
  journal={IEEE Transactions on learning technologies},
  volume={7},
  number={1},
  pages={38--56},
  year={2013},
  publisher={IEEE}
}

@article{creech2010learning,
  title={Learning a musical instrument: The case for parental support},
  author={Creech, Andrea},
  journal={Music Education Research},
  volume={12},
  number={1},
  pages={13--32},
  year={2010},
  publisher={Taylor \& Francis}
}

@article{cope1997cultural,
  title={Cultural context in musical instrument learning},
  author={Cope, Peter and Smith, Hugh},
  journal={British Journal of Music Education},
  volume={14},
  number={3},
  pages={283--289},
  year={1997},
  publisher={Cambridge University Press}
}

@inproceedings{fober2007vemus,
  title={Vemus-feedback and groupware technologies for music instrument learning},
  author={Fober, Dominique and Letz, St{\'e}phane and Orlarey, Yann},
  year={2007}
}

@article{daniel2006exploring,
  title={Exploring music instrument teaching and learning environments: Video analysis as a means of elucidating process and learning outcomes},
  author={Daniel, Ryan},
  journal={Music Education Research},
  volume={8},
  number={2},
  pages={191--215},
  year={2006},
  publisher={Taylor \& Francis}
}

@inproceedings{serafin2017considerations,
  title={Considerations on the use of virtual and augmented reality technologies in music education},
  author={Serafin, Stefania and Adjorlu, Ali and Nilsson, Niels and Thomsen, Lui and Nordahl, Rolf},
  booktitle={2017 IEEE Virtual Reality Workshop on K-12 Embodied Learning through Virtual \& Augmented Reality (KELVAR)},
  pages={1--4},
  year={2017},
  organization={IEEE}
}

@inproceedings{zheng2013general,
  title={A general approach for closed-loop registration in AR},
  author={Zheng, Feng and Schubert, Ryan and Weich, Greg},
  booktitle={2013 IEEE Virtual Reality (VR)},
  pages={47--50},
  year={2013},
  organization={IEEE}
}

@inproceedings{radu2009augmented,
  title={Augmented-reality scratch: a children's authoring environment for augmented-reality experiences},
  author={Radu, Iulian and MacIntyre, Blair},
  booktitle={Proceedings of the 8th International Conference on Interaction Design and Children},
  pages={210--213},
  year={2009}
}

@article{wing1973timing,
  title={The timing of interresponse intervals},
  author={Wing, Alan M and Kristofferson, AB},
  journal={Perception \& Psychophysics},
  volume={13},
  number={3},
  pages={455--460},
  year={1973},
  publisher={Springer}
}

@inproceedings{weing2013piano,
  title={PIANO: enhancing instrument learning via interactive projected augmentation},
  author={Weing, Matthias and R{\"o}hlig, Amrei and Rogers, Katja and Gugenheimer, Jan and Schaub, Florian and K{\"o}nings, Bastian and Rukzio, Enrico and Weber, Michael},
  booktitle={Proceedings of the 2013 ACM conference on Pervasive and ubiquitous computing adjunct publication},
  pages={75--78},
  year={2013}
}

@article{wing1973response,
  title={Response delays and the timing of discrete motor responses},
  author={Wing, Alan M and Kristofferson, Alfred B},
  journal={Perception \& Psychophysics},
  volume={14},
  number={1},
  pages={5--12},
  year={1973},
  publisher={Springer}
}

@inproceedings{barakonyi2005augmented,
title={Augmented reality agents in the development pipeline of computer entertainment},
author={Barakonyi, Istv{\'a}n and Schmalstieg, Dieter},
booktitle={International Conference on Entertainment Computing},
pages={345--356},
year={2005},
organization={Springer}
}

@inproceedings{arora2019magicalhands,
  title={MagicalHands: Mid-Air Hand Gestures for Animating in VR},
  author={Arora, Rahul and Kazi, Rubaiat Habib and Kaufman, Danny M and Li, Wilmot and Singh, Karan},
  booktitle={Proceedings of the 32nd Annual ACM Symposium on User Interface Software and Technology},
  pages={463--477},
  year={2019}
}

@inproceedings{huang2011piano,
title={Piano ar: A markerless augmented reality based piano teaching system},
author={Huang, Feng and Zhou, Yu and Yu, Yao and Wang, Ziqiang and Du, Sidan},
booktitle={2011 Third International Conference on Intelligent Human-Machine Systems and Cybernetics},
volume={2},
pages={47--52},
year={2011},
organization={IEEE}
}

@inproceedings{barakonyi2005augmented,
title={Augmented reality agents in the development pipeline of computer entertainment},
author={Barakonyi, Istv{\'a}n and Schmalstieg, Dieter},
booktitle={International Conference on Entertainment Computing},
pages={345--356},
year={2005},
organization={Springer}
}

@inproceedings{chow2013music,
title={Music education using augmented reality with a head mounted display},
author={Chow, Jonathan and Feng, Haoyang and Amor, Robert and W{\"u}nsche, Burkhard C},
booktitle={Proceedings of the Fourteenth Australasian User Interface Conference-Volume 139},
pages={73--79},
year={2013}
}
@inproceedings{huang2011piano,
title={Piano ar: A markerless augmented reality based piano teaching system},
author={Huang, Feng and Zhou, Yu and Yu, Yao and Wang, Ziqiang and Du, Sidan},
booktitle={2011 Third International Conference on Intelligent Human-Machine Systems and Cybernetics},
volume={2},
pages={47--52},
year={2011},
organization={IEEE}
}
@inproceedings{birhanu2017keynvision,
title={KeynVision: exploring piano pedagogy in mixed reality},
author={Birhanu, Amare and Rank, Stefan},
booktitle={Extended Abstracts Publication of the Annual Symposium on Computer-Human Interaction in Play},
pages={299--304},
year={2017}
}

@inproceedings{rogers2014piano,
title={Piano: Faster piano learning with interactive projection},
author={Rogers, Katja and R{\"o}hlig, Amrei and Weing, Matthias and Gugenheimer, Jan and K{\"o}nings, Bastian and Klepsch, Melina and Schaub, Florian and Rukzio, Enrico and Seufert, Tina and Weber, Michael},
booktitle={Proceedings of the Ninth ACM International Conference on Interactive Tabletops and Surfaces},
pages={149--158},
year={2014}
}

@inproceedings{sun2018mr,
title={Mr. piano: a portable piano tutoring system},
author={Sun, Chung-Hsuan and Chiang, Pei-Ying},
booktitle={2018 IEEE XXV International Conference on Electronics, Electrical Engineering and Computing (INTERCON)},
pages={1--4},
year={2018},
organization={IEEE}
}

@article{claudia2017yousician,
title={” Yousician”-Music Education Platform.},
author={Claudia, ELI and others},
journal={ICT in Muzical Field/Tehnologii Informatice si de Comunicatie in Domeniul Muzical},
volume={8},
number={1},
year={2017}
}

@inproceedings{fernandez2016piano,
title={Piano learning application with feedback provided by an ar virtual character},
author={Fernandez, Carlos A Torres and Paliyawan, Pujana and Yin, Chu Chun and Thawonmas, Ruck},
booktitle={2016 IEEE 5th Global Conference on Consumer Electronics},
pages={1--2},
year={2016},
organization={IEEE}
}

@article{jiangwe,
  title={How We Type: Eye and Finger Movement Strategies in Mobile Typing},
  author={Jiang, Xinhui and Li, Yang and Jokinen, Jussi PP and Hirvola, Viet Ba and Oulasvirta, Antti and Ren, Xiangshi},
  year={2020}
}

@inproceedings{rogers2014piano,
title={Piano: Faster piano learning with interactive projection},
author={Rogers, Katja and R{\"o}hlig, Amrei and Weing, Matthias and Gugenheimer, Jan and K{\"o}nings, Bastian and Klepsch, Melina and Schaub, Florian and Rukzio, Enrico and Seufert, Tina and Weber, Michael},
booktitle={Proceedings of the Ninth ACM International Conference on Interactive Tabletops and Surfaces},
pages={149--158},
year={2014}
}

@inproceedings{birhanu2017keynvision,
title={KeynVision: exploring piano pedagogy in mixed reality},
author={Birhanu, Amare and Rank, Stefan},
booktitle={Extended Abstracts Publication of the Annual Symposium on Computer-Human Interaction in Play},
pages={299--304},
year={2017}
}

@inproceedings{sun2018mr,
title={Mr. piano: a portable piano tutoring system},
author={Sun, Chung-Hsuan and Chiang, Pei-Ying},
booktitle={2018 IEEE XXV International Conference on Electronics, Electrical Engineering and Computing (INTERCON)},
pages={1--4},
year={2018},
organization={IEEE}
}

@inproceedings{kim2018impact,
  title={Impact activation improves rapid button pressing},
  author={Kim, Sunjun and Lee, Byungjoo and Oulasvirta, Antti},
  booktitle={Proceedings of the 2018 CHI Conference on Human Factors in Computing Systems},
  pages={1--8},
  year={2018}
}

@inproceedings{lee2019geometrically,
  title={Geometrically compensating effect of end-to-end latency in moving-target selection games},
  author={Lee, Injung and Kim, Sunjun and Lee, Byungjoo},
  booktitle={Proceedings of the 2019 CHI Conference on Human Factors in Computing Systems},
  pages={1--12},
  year={2019}
}

@inproceedings{lee2018moving,
  title={Moving target selection: A cue integration model},
  author={Lee, Byungjoo and Kim, Sunjun and Oulasvirta, Antti and Lee, Jong-In and Park, Eunji},
  booktitle={Proceedings of the 2018 CHI Conference on Human Factors in Computing Systems},
  pages={1--12},
  year={2018}
}

@inproceedings{lee2016modelling,
  title={Modelling error rates in temporal pointing},
  author={Lee, Byungjoo and Oulasvirta, Antti},
  booktitle={Proceedings of the 2016 CHI Conference on Human Factors in Computing Systems},
  pages={1857--1868},
  year={2016}
}


@article{liao2020button,
  title={Button Simulation and Design via FDVV Models},
  author={Liao, Yi-Chi and Kim, Sunjun and Lee, Byungjoo and Oulasvirta, Antti},
  journal={arXiv preprint arXiv:2001.04352},
  year={2020}
}

@online{lee2016website,
  author = {Byungjoo Lee},
  title = {Temporal Pointing},
  year = 2016,
  url = {http://www.leebyungjoo.com/Temporal-Pointing-1},
  urldate = {2020-03-27}
}


@inproceedings{kamarainen2017dissecting,
  title={Dissecting the end-to-end latency of interactive mobile video applications},
  author={K{\"a}m{\"a}r{\"a}inen, Teemu and Siekkinen, Matti and Yl{\"a}-J{\"a}{\"a}ski, Antti and Zhang, Wenxiao and Hui, Pan},
  booktitle={Proceedings of the 18th International Workshop on Mobile Computing Systems and Applications},
  pages={61--66},
  year={2017}
}

@inproceedings{huang2019modeling,
  title={Modeling Error Rates in Spatiotemporal Moving Target Selection},
  author={Huang, Jin and Lee, Byungjoo},
  booktitle={Extended Abstracts of the 2019 CHI Conference on Human Factors in Computing Systems},
  pages={1--6},
  year={2019}
}

@inproceedings{lee2017boxer,
  title={Boxer: a multimodal collision technique for virtual objects},
  author={Lee, Byungjoo and Deng, Qiao and Hoggan, Eve and Oulasvirta, Antti},
  booktitle={Proceedings of the 19th ACM International Conference on Multimodal Interaction},
  pages={252--260},
  year={2017}
}

@inproceedings{huang2018understanding,
  title={Understanding the uncertainty in 1D unidirectional moving target selection},
  author={Huang, Jin and Tian, Feng and Fan, Xiangmin and Zhang, Xiaolong and Zhai, Shumin},
  booktitle={Proceedings of the 2018 CHI Conference on Human Factors in Computing Systems},
  pages={1--12},
  year={2018}
}

@inproceedings{lee2017reflector,
  title={Reflector: Distance-independent, private pointing on a reflective screen},
  author={Lee, Jong-In and Kim, Sunjun and Fukumoto, Masaaki and Lee, Byungjoo},
  booktitle={Proceedings of the 30th Annual ACM Symposium on User Interface Software and Technology},
  pages={351--364},
  year={2017}
}

@inproceedings{braud2019multi,
  title={Multi-carrier measurement study of mobile network latency: The tale of hong kong and helsinki},
  author={Braud, Tristan and K{\"a}m{\"a}r{\"a}inen, Teemu and Siekkinen, Matti and Hui, Pan},
  booktitle={15th International Conference on Mobile Ad-hoc and Sensor Networks},
  year={2019}
}

@article{huangmodeling,
  title={Modeling the Endpoint Uncertainty in Crossing-based Moving Target Selection},
  author={Huang, Jin and Tian, Feng and Fan, Xiangmin and Tu, Huawei and Zhang, Hao and Peng, Xiaolan and Wang, Hongan}
}

@inproceedings{kamarainen2017measurement,
  title={A measurement study on achieving imperceptible latency in mobile cloud gaming},
  author={K{\"a}m{\"a}r{\"a}inen, Teemu and Siekkinen, Matti and Yl{\"a}-J{\"a}{\"a}ski, Antti and Zhang, Wenxiao and Hui, Pan},
  booktitle={Proceedings of the 8th ACM on Multimedia Systems Conference},
  pages={88--99},
  year={2017}
}

@inproceedings{zhang2019pose,
  title={Pose-Guided Level Design},
  author={Zhang, Yongqi and Xie, Biao and Huang, Haikun and Ogawa, Elisa and You, Tongjian and Yu, Lap-Fai},
  booktitle={Proceedings of the 2019 CHI Conference on Human Factors in Computing Systems},
  pages={1--12},
  year={2019}
}

@inproceedings{huang2019modeling,
  title={Modeling Error Rates in Spatiotemporal Moving Target Selection},
  author={Huang, Jin and Lee, Byungjoo},
  booktitle={Extended Abstracts of the 2019 CHI Conference on Human Factors in Computing Systems},
  pages={1--6},
  year={2019}
}